<?xml version='1.0' encoding='utf-8'?>
<ENVELOPE><HEADER><TALLYREQUEST>Import Data</TALLYREQUEST></HEADER><BODY><IMPORTDATA><REQUESTDESC><REPORTNAME>Vouchers</REPORTNAME></REQUESTDESC><REQUESTDATA><TALLYMESSAGE><VOUCHER REMOTEID="BATCH001" VCHTYPE="Sales" ACTION="Create"><DATE>20240122</DATE><VOUCHERTYPENAME>Sales</VOUCHERTYPENAME><VOUCHERNUMBER>BATCH001</VOUCHERNUMBER><PARTYNAME>Batch Customer 1</PARTYNAME><ALLLEDGERENTRIES.LIST><LEDGERNAME>Batch Customer 1</LEDGERNAME><GSTCLASS /><ISDEEMEDPOSITIVE>Yes</ISDEEMEDPOSITIVE><AMOUNT>10000</AMOUNT></ALLLEDGERENTRIES.LIST><ALLLEDGERENTRIES.LIST><LEDGERNAME>Sales</LEDGERNAME><GSTCLASS /><ISDEEMEDPOSITIVE>No</ISDEEMEDPOSITIVE><AMOUNT>-10000</AMOUNT></ALLLEDGERENTRIES.LIST><ALLINVENTORYENTRIES.LIST><STOCKITEMNAME>Batch Product 1</STOCKITEMNAME><ISDEEMEDPOSITIVE>No</ISDEEMEDPOSITIVE><ACTUALQTY>-10 Nos</ACTUALQTY><BILLEDQTY>-10 Nos</BILLEDQTY><AMOUNT>-10000</AMOUNT><RATE>1000</RATE></ALLINVENTORYENTRIES.LIST></VOUCHER></TALLYMESSAGE><TALLYMESSAGE><VOUCHER REMOTEID="BATCH002" VCHTYPE="Sales" ACTION="Create"><DATE>20240123</DATE><VOUCHERTYPENAME>Sales</VOUCHERTYPENAME><VOUCHERNUMBER>BATCH002</VOUCHERNUMBER><PARTYNAME>Batch Customer 2</PARTYNAME><ALLLEDGERENTRIES.LIST><LEDGERNAME>Batch Customer 2</LEDGERNAME><GSTCLASS /><ISDEEMEDPOSITIVE>Yes</ISDEEMEDPOSITIVE><AMOUNT>15000</AMOUNT></ALLLEDGERENTRIES.LIST><ALLLEDGERENTRIES.LIST><LEDGERNAME>Sales</LEDGERNAME><GSTCLASS /><ISDEEMEDPOSITIVE>No</ISDEEMEDPOSITIVE><AMOUNT>-15000</AMOUNT></ALLLEDGERENTRIES.LIST><ALLINVENTORYENTRIES.LIST><STOCKITEMNAME>Batch Product 2</STOCKITEMNAME><ISDEEMEDPOSITIVE>No</ISDEEMEDPOSITIVE><ACTUALQTY>-15 Nos</ACTUALQTY><BILLEDQTY>-15 Nos</BILLEDQTY><AMOUNT>-15000</AMOUNT><RATE>1000</RATE></ALLINVENTORYENTRIES.LIST></VOUCHER></TALLYMESSAGE></REQUESTDATA></IMPORTDATA></BODY></ENVELOPE>