<?xml version='1.0' encoding='utf-8'?>
<ENVELOPE><HEADER><TALLYREQUEST>Import Data</TALLYREQUEST></HEADER><BODY><IMPORTDATA><REQUESTDESC><REPORTNAME>Vouchers</REPORTNAME></REQUESTDESC><REQUESTDATA><TALLYMESSAGE><VOUCHER REMOTEID="INV100" VCHTYPE="Sales" ACTION="Create"><DATE>20240120</DATE><VOUCHERTYPENAME>Sales</VOUCHERTYPENAME><VOUCHERNUMBER>INV100</VOUCHERNUMBER><PARTYNAME>Sample Customer Ltd</PARTYNAME><ALLLEDGERENTRIES.LIST><LEDGERNAME>Sample Customer Ltd</LEDGERNAME><GSTCLASS /><ISDEEMEDPOSITIVE>Yes</ISDEEMEDPOSITIVE><AMOUNT>11800</AMOUNT></ALLLEDGERENTRIES.LIST><ALLLEDGERENTRIES.LIST><LEDGERNAME>Sales</LEDGERNAME><GSTCLASS /><ISDEEMEDPOSITIVE>No</ISDEEMEDPOSITIVE><AMOUNT>-11800</AMOUNT></ALLLEDGERENTRIES.LIST><ALLINVENTORYENTRIES.LIST><STOCKITEMNAME>Widget A</STOCKITEMNAME><ISDEEMEDPOSITIVE>No</ISDEEMEDPOSITIVE><ACTUALQTY>-5 Nos</ACTUALQTY><BILLEDQTY>-5 Nos</BILLEDQTY><AMOUNT>-10000</AMOUNT><RATE>2000</RATE></ALLINVENTORYENTRIES.LIST><ALLINVENTORYENTRIES.LIST><STOCKITEMNAME>Widget B</STOCKITEMNAME><ISDEEMEDPOSITIVE>No</ISDEEMEDPOSITIVE><ACTUALQTY>-2 Nos</ACTUALQTY><BILLEDQTY>-2 Nos</BILLEDQTY><AMOUNT>-1000</AMOUNT><RATE>500</RATE></ALLINVENTORYENTRIES.LIST></VOUCHER></TALLYMESSAGE></REQUESTDATA></IMPORTDATA></BODY></ENVELOPE>