<?xml version='1.0' encoding='utf-8'?>
<ENVELOPE><HEADER><TALLYREQUEST>Import Data</TALLYREQUEST></HEADER><BODY><IMPORTDATA><REQUESTDESC><REPORTNAME>Vouchers</REPORTNAME></REQUESTDESC><REQUESTDATA><TALLYMESSAGE><VOUCHER REMOTEID="INV001" VCHTYPE="Sales" ACTION="Create"><DATE>20240115</DATE><VOUCHERTYPENAME>Sales</VOUCHERTYPENAME><VOUCHERNUMBER>INV001</VOUCHERNUMBER><PARTYNAME>ABC Company</PARTYNAME><ALLLEDGERENTRIES.LIST><LEDGERNAME>ABC Company</LEDGERNAME><GSTCLASS /><ISDEEMEDPOSITIVE>Yes</ISDEEMEDPOSITIVE><AMOUNT>11800</AMOUNT></ALLLEDGERENTRIES.LIST><ALLLEDGERENTRIES.LIST><LEDGERNAME>Sales</LEDGERNAME><GSTCLASS /><ISDEEMEDPOSITIVE>No</ISDEEMEDPOSITIVE><AMOUNT>-11800</AMOUNT></ALLLEDGERENTRIES.LIST><ALLINVENTORYENTRIES.LIST><STOCKITEMNAME>Product A</STOCKITEMNAME><ISDEEMEDPOSITIVE>No</ISDEEMEDPOSITIVE><ACTUALQTY>-10 Nos</ACTUALQTY><BILLEDQTY>-10 Nos</BILLEDQTY><AMOUNT>-10000</AMOUNT><RATE>1000</RATE></ALLINVENTORYENTRIES.LIST></VOUCHER></TALLYMESSAGE><TALLYMESSAGE><VOUCHER REMOTEID="INV002" VCHTYPE="Sales" ACTION="Create"><DATE>20240116</DATE><VOUCHERTYPENAME>Sales</VOUCHERTYPENAME><VOUCHERNUMBER>INV002</VOUCHERNUMBER><PARTYNAME>XYZ Ltd</PARTYNAME><ALLLEDGERENTRIES.LIST><LEDGERNAME>XYZ Ltd</LEDGERNAME><GSTCLASS /><ISDEEMEDPOSITIVE>Yes</ISDEEMEDPOSITIVE><AMOUNT>5900</AMOUNT></ALLLEDGERENTRIES.LIST><ALLLEDGERENTRIES.LIST><LEDGERNAME>Sales</LEDGERNAME><GSTCLASS /><ISDEEMEDPOSITIVE>No</ISDEEMEDPOSITIVE><AMOUNT>-5900</AMOUNT></ALLLEDGERENTRIES.LIST><ALLINVENTORYENTRIES.LIST><STOCKITEMNAME>Product B</STOCKITEMNAME><ISDEEMEDPOSITIVE>No</ISDEEMEDPOSITIVE><ACTUALQTY>-5 Nos</ACTUALQTY><BILLEDQTY>-5 Nos</BILLEDQTY><AMOUNT>-5000</AMOUNT><RATE>1000</RATE></ALLINVENTORYENTRIES.LIST></VOUCHER></TALLYMESSAGE><TALLYMESSAGE><VOUCHER REMOTEID="INV003" VCHTYPE="Sales" ACTION="Create"><DATE>20240117</DATE><VOUCHERTYPENAME>Sales</VOUCHERTYPENAME><VOUCHERNUMBER>INV003</VOUCHERNUMBER><PARTYNAME>PQR Industries</PARTYNAME><ALLLEDGERENTRIES.LIST><LEDGERNAME>PQR Industries</LEDGERNAME><GSTCLASS /><ISDEEMEDPOSITIVE>Yes</ISDEEMEDPOSITIVE><AMOUNT>23600</AMOUNT></ALLLEDGERENTRIES.LIST><ALLLEDGERENTRIES.LIST><LEDGERNAME>Sales</LEDGERNAME><GSTCLASS /><ISDEEMEDPOSITIVE>No</ISDEEMEDPOSITIVE><AMOUNT>-23600</AMOUNT></ALLLEDGERENTRIES.LIST><ALLINVENTORYENTRIES.LIST><STOCKITEMNAME>Product C</STOCKITEMNAME><ISDEEMEDPOSITIVE>No</ISDEEMEDPOSITIVE><ACTUALQTY>-20 Nos</ACTUALQTY><BILLEDQTY>-20 Nos</BILLEDQTY><AMOUNT>-20000</AMOUNT><RATE>1000</RATE></ALLINVENTORYENTRIES.LIST></VOUCHER></TALLYMESSAGE></REQUESTDATA></IMPORTDATA></BODY></ENVELOPE>