<?xml version='1.0' encoding='utf-8'?>
<ENVELOPE>
  <HEADER>
    <TALLYREQUEST>Import Data</TALLYREQUEST>
  </HEADER>
  <BODY>
    <IMPORTDATA>
      <REQUESTDESC>
        <REPORTNAME>Vouchers</REPORTNAME>
      </REQUESTDESC>
      <REQUESTDATA>
        <TALLYMESSAGE>
          <VOUCHER REMOTEID="S001" VCHTYPE="Sales" ACTION="Create">
            <DATE>20240120</DATE>
            <VOUCHERTYPENAME>Sales</VOUCHERTYPENAME>
            <VOUCHERNUMBER>S001</VOUCHERNUMBER>
            <PARTYNAME>Simple Corp</PARTYNAME>
            <ALLLEDGERENTRIES.LIST>
              <LEDGERNAME>Simple Corp</LEDGERNAME>
              <GSTCLASS />
              <ISDEEMEDPOSITIVE>Yes</ISDEEMEDPOSITIVE>
              <AMOUNT>5000.0</AMOUNT>
            </ALLLEDGERENTRIES.LIST>
            <ALLLEDGERENTRIES.LIST>
              <LEDGERNAME>Sales</LEDGERNAME>
              <GSTCLASS />
              <ISDEEMEDPOSITIVE>No</ISDEEMEDPOSITIVE>
              <AMOUNT>-5000.0</AMOUNT>
            </ALLLEDGERENTRIES.LIST>
            <ALLINVENTORYENTRIES.LIST>
              <STOCKITEMNAME>Simple Corp</STOCKITEMNAME>
              <ISDEEMEDPOSITIVE>No</ISDEEMEDPOSITIVE>
              <ACTUALQTY>-1 Nos</ACTUALQTY>
              <BILLEDQTY>-1 Nos</BILLEDQTY>
              <AMOUNT>-5000.0</AMOUNT>
              <RATE>5000.0/Nos</RATE>
            </ALLINVENTORYENTRIES.LIST>
          </VOUCHER>
        </TALLYMESSAGE>
        <TALLYMESSAGE>
          <VOUCHER REMOTEID="S002" VCHTYPE="Sales" ACTION="Create">
            <DATE>20240121</DATE>
            <VOUCHERTYPENAME>Sales</VOUCHERTYPENAME>
            <VOUCHERNUMBER>S002</VOUCHERNUMBER>
            <PARTYNAME>Easy Ltd</PARTYNAME>
            <ALLLEDGERENTRIES.LIST>
              <LEDGERNAME>Easy Ltd</LEDGERNAME>
              <GSTCLASS />
              <ISDEEMEDPOSITIVE>Yes</ISDEEMEDPOSITIVE>
              <AMOUNT>7500.0</AMOUNT>
            </ALLLEDGERENTRIES.LIST>
            <ALLLEDGERENTRIES.LIST>
              <LEDGERNAME>Sales</LEDGERNAME>
              <GSTCLASS />
              <ISDEEMEDPOSITIVE>No</ISDEEMEDPOSITIVE>
              <AMOUNT>-7500.0</AMOUNT>
            </ALLLEDGERENTRIES.LIST>
            <ALLINVENTORYENTRIES.LIST>
              <STOCKITEMNAME>Easy Ltd</STOCKITEMNAME>
              <ISDEEMEDPOSITIVE>No</ISDEEMEDPOSITIVE>
              <ACTUALQTY>-1 Nos</ACTUALQTY>
              <BILLEDQTY>-1 Nos</BILLEDQTY>
              <AMOUNT>-7500.0</AMOUNT>
              <RATE>7500.0/Nos</RATE>
            </ALLINVENTORYENTRIES.LIST>
          </VOUCHER>
        </TALLYMESSAGE>
      </REQUESTDATA>
    </IMPORTDATA>
  </BODY>
</ENVELOPE>
