<?xml version='1.0' encoding='utf-8'?>
<ENVELOPE><HEADER><TALLYREQUEST>Import Data</TALLYREQUEST></HEADER><BODY><IMPORTDATA><REQUESTDESC><REPORTNAME>Vouchers</REPORTNAME></REQUESTDESC><REQUESTDATA><TALLYMESSAGE><VOUCHER REMOTEID="INV004" VCHTYPE="Sales" ACTION="Create"><DATE>20240118</DATE><VOUCHERTYPENAME>Sales</VOUCHERTYPENAME><VOUCHERNUMBER>INV004</VOUCHERNUMBER><PARTYNAME>LMN Corporation</PARTYNAME><ALLLEDGERENTRIES.LIST><LEDGERNAME>LMN Corporation</LEDGERNAME><GSTCLASS /><ISDEEMEDPOSITIVE>Yes</ISDEEMEDPOSITIVE><AMOUNT>8850</AMOUNT></ALLLEDGERENTRIES.LIST><ALLLEDGERENTRIES.LIST><LEDGERNAME>Sales</LEDGERNAME><GSTCLASS /><ISDEEMEDPOSITIVE>No</ISDEEMEDPOSITIVE><AMOUNT>-8850</AMOUNT></ALLLEDGERENTRIES.LIST><ALLINVENTORYENTRIES.LIST><STOCKITEMNAME>Product D</STOCKITEMNAME><ISDEEMEDPOSITIVE>No</ISDEEMEDPOSITIVE><ACTUALQTY>-3 Nos</ACTUALQTY><BILLEDQTY>-3 Nos</BILLEDQTY><AMOUNT>-7500</AMOUNT><RATE>2500</RATE></ALLINVENTORYENTRIES.LIST></VOUCHER></TALLYMESSAGE></REQUESTDATA></IMPORTDATA></BODY></ENVELOPE>