<?xml version='1.0' encoding='utf-8'?>
<ENVELOPE>
  <HEADER>
    <TALLYREQUEST>Import Data</TALLYREQUEST>
  </HEADER>
  <BODY>
    <IMPORTDATA>
      <REQUESTDESC>
        <REPORTNAME>Vouchers</REPORTNAME>
      </REQUESTDESC>
      <REQUESTDATA>
        <TALLYMESSAGE>
          <VOUCHER REMOTEID="CUSTOM001" VCHTYPE="Sales" ACTION="Create">
            <DATE>20240125</DATE>
            <VOUCHERTYPENAME>Sales</VOUCHERTYPENAME>
            <VOUCHERNUMBER>CUSTOM001</VOUCHERNUMBER>
            <PARTYNAME>Demo Customer Ltd</PARTYNAME>
            <NARRATION>Custom format demo</NARRATION>
            <ALLLEDGERENTRIES.LIST>
              <LEDGERNAME>Demo Customer Ltd</LEDGERNAME>
              <GSTCLASS />
              <ISDEEMEDPOSITIVE>Yes</ISDEEMEDPOSITIVE>
              <AMOUNT>25000.0</AMOUNT>
            </ALLLEDGERENTRIES.LIST>
            <ALLLEDGERENTRIES.LIST>
              <LEDGERNAME>Sales</LEDGERNAME>
              <GSTCLASS />
              <ISDEEMEDPOSITIVE>No</ISDEEMEDPOSITIVE>
              <AMOUNT>-25000.0</AMOUNT>
            </ALLLEDGERENTRIES.LIST>
            <ALLINVENTORYENTRIES.LIST>
              <STOCKITEMNAME>20000</STOCKITEMNAME>
              <ISDEEMEDPOSITIVE>No</ISDEEMEDPOSITIVE>
              <ACTUALQTY>-0 Nos</ACTUALQTY>
              <BILLEDQTY>-0 Nos</BILLEDQTY>
              <AMOUNT>-0</AMOUNT>
              <RATE>0/Nos</RATE>
            </ALLINVENTORYENTRIES.LIST>
            <ALLINVENTORYENTRIES.LIST>
              <STOCKITEMNAME>5000.0</STOCKITEMNAME>
              <ISDEEMEDPOSITIVE>No</ISDEEMEDPOSITIVE>
              <ACTUALQTY>-0 Nos</ACTUALQTY>
              <BILLEDQTY>-0 Nos</BILLEDQTY>
              <AMOUNT>-0</AMOUNT>
              <RATE>0/Nos</RATE>
            </ALLINVENTORYENTRIES.LIST>
          </VOUCHER>
        </TALLYMESSAGE>
        <TALLYMESSAGE>
          <VOUCHER REMOTEID="CUSTOM002" VCHTYPE="Sales" ACTION="Create">
            <DATE>20240126</DATE>
            <VOUCHERTYPENAME>Sales</VOUCHERTYPENAME>
            <VOUCHERNUMBER>CUSTOM002</VOUCHERNUMBER>
            <PARTYNAME>Another Demo Corp</PARTYNAME>
            <NARRATION>Single item demo</NARRATION>
            <ALLLEDGERENTRIES.LIST>
              <LEDGERNAME>Another Demo Corp</LEDGERNAME>
              <GSTCLASS />
              <ISDEEMEDPOSITIVE>Yes</ISDEEMEDPOSITIVE>
              <AMOUNT>15000.0</AMOUNT>
            </ALLLEDGERENTRIES.LIST>
            <ALLLEDGERENTRIES.LIST>
              <LEDGERNAME>Sales</LEDGERNAME>
              <GSTCLASS />
              <ISDEEMEDPOSITIVE>No</ISDEEMEDPOSITIVE>
              <AMOUNT>-15000.0</AMOUNT>
            </ALLLEDGERENTRIES.LIST>
            <ALLINVENTORYENTRIES.LIST>
              <STOCKITEMNAME>12000</STOCKITEMNAME>
              <ISDEEMEDPOSITIVE>No</ISDEEMEDPOSITIVE>
              <ACTUALQTY>-0 Nos</ACTUALQTY>
              <BILLEDQTY>-0 Nos</BILLEDQTY>
              <AMOUNT>-0</AMOUNT>
              <RATE>0/Nos</RATE>
            </ALLINVENTORYENTRIES.LIST>
          </VOUCHER>
        </TALLYMESSAGE>
      </REQUESTDATA>
    </IMPORTDATA>
  </BODY>
</ENVELOPE>
